@incollection{fundamentals:space,
  author = {Vincent L. Pisacane, Harry K. Utterback},
  title = "{Embedded Software Systems}",
  booktitle = {Fundamentals of Space Systems Second Edition},
  publisher = {Oxford University Press, New York},
  year = {2005}
}

@incollection{sputnik1,
  author = {Siddiqi, Asif A.},
  title = "",
  pages = {155},
  booktitle = {Sputnik and the Soviet Space Challenge},
  publisher = {University Press of Florida, Gainesville FL},
  year = {2003}
}

@MISC{satellite:total,
author = {ucsusa},
title = "{USC Satellite Database}",
month = "October",
year = {2013},
note = {\url{www.ucsusa.org/nuclear_weapons_and_global_security/space_weapons/technical_issues/ucs-satellite-database.html}}
}

@MISC{satellite:next10years,
author = {spacedaily},
title = "{More Than 1200 Satellites To Be Launched Over The Next 10 Years}",
month = "October",
year = {2013},
note = {\url{www.spacedaily.com/reports/More_Than_1200_Satellites_To_Be_Launched_Over_The_Next_10_Years_999.html}}
}

@MISC{space:shuttle:list,
 author = {NASA},
 title = {{Space Shuttle Era Facts}},
 month = "October",
 year = {2013},
}

@MISC{space:station:tiangong2,
author = {Clara Mokowitz},
title = "{First Piece Of Chinese Space Station Assembled For 2011 Launch}",
month = "October",
year = {2013},
note = {\url{www.space.com/8968-piece-chinese-space-station-assembled-2011-launch.html}}
}

@MISC{space:station:almaz,
author = {Rob Coppinger},
title = "{US, Russian Capsules Vie for Orbital Domination}",
month = "October",
year = {2013},
note = {\url{www.space.com/8968-piece-chinese-space-station-assembled-2011-launch.html}}
}

@MISC{space:station:opsek,
author = {Anatoly Zak},
title = "{Russia 'to save its ISS modules'}",
month = "October",
year = {2013},
note = {\url{news.bbc.co.uk/2/hi/science/nature/8064060.stm}}
}

@MISC{space:station:tiangong3,
author = {Tania Branigan, Ian Sample},
title = "{China Unveils Rival to International}",
month = "October",
year = {2013},
note = {\url{www.theguardian.com/world/2011/apr/26/china-space-station-tiangong}}
}

@MISC{space:shuttle:numbers,
author = {space.com},
title = "{NASA's Space Shuttle By the Numbers}",
month = "October",
year = {2013},
note = {\url{www.space.com/12376-nasa-space-shuttle-program-facts-statistics.html}}
}

@MISC{ariane5,
author = {J. L. Lions},
title = "{Ariane 5 Flight 501 Failure Report}",
month = "October",
year = {2013},
note = {\url{www.ima.umn.edu/~arnold/disasters/ariane5rep.html}}
}

@MISC{intel:chip:size,
author = {P. Darling},
title = "{Intel to Invest More than 5 Billion to Build New Factory in Arizona}",
month = "October",
year = {2013},
note = {\url{newsroom.intel.com/community/intel_newsroom/blog/2011/02/18/intel-to-invest-more-than-5-billion-to-build-new-factory-in-arizona}}
}

@MISC{avrfreaks:avrgcc,
author = {AVRFreaks},
title = "{AVR GCC/AVR GCC Toll Collection}",
month = "October",
year = {2013},
note = {\url{www.avrfreaks.net/wiki/index.php/Documentation:AVR_GCC/AVR_GCC_Tool_Collection}}
}

@MISC{atmel:avr,
author = {Atmel},
title = "{Atmel {AVR} 8-bit and 32-bit Microcontrollers}",
month = "October",
year = {2013},
note = {\url{www.atmel.com/products/microcontrollers/avr/default.aspx}}
}

@MISC{linkerscript,
author = {sourceware},
title = "{Linker Scripts}",
month = "October",
year = {2013},
note = {\url{sourceware.org/binutils/docs/ld/Scripts.html}}
}

@inproceedings{shirvani2000software,
title={{Software-implemented hardware fault tolerance experiments: COTS in space}},
author={Shirvani, PP and Oh, N and McCluskey, EJ and Wood, DL and Lovellette, MN and Wood, KS},
booktitle={International Conference on Dependable Systems and Networks (FTCS-30 and DCCA-8), New York (NY)},
year={2000}
}

@inproceedings{hoste2008cole,
  title={{Cole: compiler optimization level exploration}},
  author={Hoste, Kenneth and Eeckhout, Lieven},
  booktitle={Proceedings of the 6th annual IEEE/ACM international symposium on Code generation and optimization},
  pages={165--174},
  year={2008},
  organization={ACM}
}

@article{goldt1995linux,
  title={{The Linux Programmerâ€™s Guide}},
  author={Goldt, Sven and van der Meer, Sven and Burkett, Scott and Welsh, Matt},
  journal={Linux Documentation Project (ftp://sunsite. unc. edu/pub/Linux/docs/linux-doc-project/programmers-guide/llpg-0.4. tar. gz)},
  year={1995}
}

@misc{argade1996apparatus,
  title={{Apparatus and method for computer processing using an enhanced Harvard architecture utilizing dual memory buses and the arbitration for data/instruction fetch}},
  author={Argade, Pramod V and Betker, Michael R},
  year={1996},
  month=nov # "~19",
  publisher={Google Patents},
  note={US Patent 5,577,230}
}

@article{underwood1992sramorbit, 
author={Underwood, C.I. and Ward, J.W. and Dyer, C.S. and Sims, A.J.}, 
journal={Nuclear Science, IEEE Transactions on}, title={{Observations of single-event upsets in non-hardened high-density SRAMs in Sun-synchronous orbit}}, 
year={1992}, 
volume={39}, 
number={6}, 
pages={1817-1827}, 
keywords={CMOS integrated circuits;SRAM chips;aerospace instrumentation;error correction codes;ion beam effects;proton effects;radiation hardening (electronics);1 Mbit;16 kbit;256 kbit;Sun-synchronous orbit;error-protection coding schemes;high-density SRAMs;multiple-bit upset;nonhardened SRAM;single-event upsets;small spacecraft;Educational institutions;Error correction codes;Payloads;Protection;Random access memory;Satellite broadcasting;Single event upset;Space technology;Space vehicles;Testing}, 
doi={10.1109/23.211372}, 
ISSN={0018-9499},}

@article{Shirvani2001EDAC, 
author={Shirvani, P.P. and Saxena, N.R. and McCluskey, E.J.}, 
journal={Reliability, IEEE Transactions on}, 
title={{Software-implemented EDAC protection against SEUs}}, 
year={2001}, 
volume={49}, 
number={3}, 
pages={273-284}, 
keywords={aerospace computing;error correction codes;error detection codes;fault tolerant computing;memory architecture;RAM discs;bit-flips;chip-level structures;encoding/decoding circuitry;error detection and correction code;low cost fault tolerance;low-radiation space environment;memory chips;read and write operations;reliability improvement;satellite experiment;secondary storage systems;single event upsets;software implementation;software-implemented EDAC;software-implemented EDAC protection;solid-state memories;system-level structures;Circuits;Computer errors;Decoding;Encoding;Error correction;Error correction codes;Hardware;Protection;Single event transient;Single event upset}, 
doi={10.1109/24.914544}, 
ISSN={0018-9529},}

@article{Oh2002Signatures, 
author={Oh, N. and Shirvani, P.P. and McCluskey, E.J.}, 
journal={Reliability, IEEE Transactions on}, 
title={{Control-flow checking by software signatures}}, 
year={2002}, 
volume={51}, 
number={1}, 
pages={111-122}, 
keywords={program diagnostics;program testing;software reliability;assigned signatures;branching fault injection experiment;branching faults;code size reduction;compilation time;control flow checking by software signatures;error detection instructions;execution time overhead reduction;instructions checking;multitasking environment;program graph;run-time signatures;signature monitoring techniques;software method;undetected incorrect outputs;watchdog task;Central Processing Unit;Error correction;Fault detection;Hardware;Monitoring;Multitasking;Operating systems;Process control;Runtime;Satellites}, 
doi={10.1109/24.994926}, 
ISSN={0018-9529}
}


@inproceedings{mhatreSeuTmr,
author={Mhatre, Nishchay and Aras, Shravan},
title={{A Hybrid Approach to Radiation Fault Tolerance in Small Satellite Applications}},
booktitle={Proc. 62\textsuperscript{nd} International Astronautical Congress},
year={2011}
}

@article{Celler2003SOI,
   author = "Celler, G. K. and Cristoloveanu, Sorin",
   title = "{Frontiers of silicon-on-insulator}",
   journal = "Journal of Applied Physics",
   year = "2003",
   volume = "93",
   number = "9", 
   pages = "4955-4978",
   url = "http://scitation.aip.org/content/aip/journal/jap/93/9/10.1063/1.1558223",
   doi = "http://dx.doi.org/10.1063/1.1558223" 
}

@article{Irom2002SOI, 
author={Irom, F. and Farmanesh, F.F. and Johnston, A.H. and Swift, G.M. and Millward, D.G.}, 
journal={Nuclear Science, IEEE Transactions on}, 
title={{Single-event upset in commercial silicon-on-insulator PowerPC microprocessors}}, 
year={2002}, 
volume={49}, 
number={6}, 
pages={3148-3155}, 
keywords={CMOS digital integrated circuits;integrated circuit testing;ion beam effects;microprocessor chips;proton effects;silicon-on-insulator;space vehicle electronics;64 bit;IBM;Motorola;SOI PowerPC microprocessors;charge collections depth;cross sections;functional operating errors;heavy ions;junction-isolated CMOS;protons;radiation tests;register errors;single-event upset effects;space applications;upset rates;Laboratories;Manufacturing processes;Microprocessors;Propulsion;Protons;Silicon on insulator technology;Single event upset;Substrates;Testing;Voltage}, 
doi={10.1109/TNS.2002.805441}, 
ISSN={0018-9499},}

@MISC{sram,
author = {chamberlain},
title = "{Using ld}",
month = "January",
year = {1994},
note = {\url{ftp.gnu.org/old-gnu/Manuals/ld-2.9.1/html_mono/ld.html}}
}

@MISC{atmega644,
author = {Atmel},
title = "{Atmega644/v}",
month = "January",
year = {2014},
note = {\url{www.atmel.com/Images/doc2593.pdf}}
}

@MISC{avrsimide,
author = {OshonSoft},
title = "{AVR SIMULATOR IDE}",
month = "January",
year = {2014},
note = {\url{www.oshonsoft.com/avr.html}}
}

@MISC{avrlibc,
author = {GNU},
title = "{AVR Libc}",
month = "January",
year = {2014},
note = {\url{www.nongnu.org/avr-libc/}}
}

@MISC{crc16,
author = {Joe Geluso},
title = "{CRC16-CCITT}",
month = "January",
year = {2014},
note = {\url{srecord.sourceforge.net/crc16-ccitt.html}}
}

@inproceedings{CATA09seuonVirtex,
  author = {Dutton, Bradley F. and Stroud, Charles E.},
  booktitle = {CATA},
  editor = {0025, Wei Li},
  pages = {57-62},
  publisher = {ISCA},
  title = "{Single Event Upset Detection and Correction in Virtex-4 and Virtex-5 FPGAs}",
  url = {http://dblp.uni-trier.de/db/conf/cata/cata2009.html#DuttonS09},
  year = 2009
}

@ARTICLE{She2012Latch, 
author={Xiaoxuan She and Li, N. and Tong, J.}, 
journal={Nuclear Science, IEEE Transactions on}, 
title={{SEU Tolerant Latch Based on Error Detection}}, 
year={2012}, 
volume={59}, 
number={1}, 
pages={211-214}, 
keywords={error correction;error detection;fault diagnosis;flip-flops;logic circuits;multiplexing equipment;SEU hardened latch;SEU tolerant latch;discharge operations;error correction;error detection circuit;fault indication signals;logic state;multiplexer;precharge operation;Circuit faults;Clocks;Delay;Latches;Single event upset;Tunneling magnetoresistance;Very large scale integration;Hardened by design;latch;radiation effects;single event upset (SEU)}, 
doi={10.1109/TNS.2011.2178265}, 
ISSN={0018-9499},}

@ARTICLE{ErrorCorrectingCodes, 
author={Elias, P.}, 
journal={Information Theory, Transactions of the IRE Professional Group on}, 
title={{Error-free Coding}}, 
year={1954}, 
volume={4}, 
number={4}, 
pages={29-37}, 
keywords={Computer errors;Costs;Error analysis;Error correction codes;Error probability;Information theory;Iterative decoding;Laboratories;Telegraphy;Transmitters}, 
doi={10.1109/TIT.1954.1057464}, 
ISSN={2168-2690},}

@ARTICLE{TMR, 
author={Lyons, R.E. and Vanderkulk, W.}, 
journal={IBM Journal of Research and Development}, 
title={{The Use of Triple-Modular Redundancy to Improve Computer Reliability}}, 
year={1962}, 
volume={6}, 
number={2}, 
pages={200-209}, 
doi={10.1147/rd.62.0200}, 
ISSN={0018-8646},}

@article{RAID,
 author = {Chen, Peter M. and Lee, Edward K. and Gibson, Garth A. and Katz, Randy H. and Patterson, David A.},
 title = {{RAID: High-performance, Reliable Secondary Storage}},
 journal = {ACM Comput. Surv.},
 issue_date = {June 1994},
 volume = {26},
 number = {2},
 month = jun,
 year = {1994},
 issn = {0360-0300},
 pages = {145--185},
 numpages = {41},
 url = {http://doi.acm.org/10.1145/176979.176981},
 doi = {10.1145/176979.176981},
 acmid = {176981},
 publisher = {ACM},
 address = {New York, NY, USA},
 keywords = {RAID, disk array, parallel I/O, redundancy, storage, striping},
}
