@incollection{fundamentals:space,
  author = {Vincent L. Pisacane, Harry K. Utterback},
  title = "Embedded Software Systems",
  booktitle = {Fundamentals of Space Systems Second Edition},
  publisher = {Oxford University Press, New York},
  year = {2005}
}

@incollection{sputnik1,
  author = {Siddiqi, Asif A.},
  title = "",
  pages = {155},
  booktitle = {Sputnik and the Soviet Space Challenge},
  publisher = {University Press of Florida, Gainesville FL},
  year = {2003}
}

@MISC{satellite:total,
author = {ucsusa},
title = "USC Satellite Database",
month = "October",
year = {2013},
note = {\url{www.ucsusa.org/nuclear_weapons_and_global_security/space_weapons/technical_issues/ucs-satellite-database.html}}
}

@MISC{satellite:next10years,
author = {spacedaily},
title = "More Than 1200 Satellites To Be Launched Over The Next 10 Years",
month = "October",
year = {2013},
note = {\url{www.spacedaily.com/reports/More_Than_1200_Satellites_To_Be_Launched_Over_The_Next_10_Years_999.html}}
}

@MISC{space:shuttle:list,
 author = {NASA},
 title = {Space Shuttle Era Facts},
 month = "October",
 year = {2013},
 %note = {\url{www.californiasciencecenter.org/GenInfo/MediaRoom/PressReleases/EndeavourLa/presskit_docs/SHUTTLE_ERA_FACTS.pdf}}
}

@MISC{space:station:tiangong2,
author = {Clara Mokowitz},
title = "First Piece Of Chinese Space Station Assembled For 2011 Launch",
month = "October",
year = {2013},
note = {\url{www.space.com/8968-piece-chinese-space-station-assembled-2011-launch.html}}
}

@MISC{space:station:almaz,
author = {Rob Coppinger},
title = "US, Russian Capsules Vie for Orbital Domination",
month = "October",
year = {2013},
note = {\url{www.space.com/8968-piece-chinese-space-station-assembled-2011-launch.html}}
}

@MISC{space:station:opsek,
author = {Anatoly Zak},
title = "Russia 'to save its ISS modules'",
month = "October",
year = {2013},
note = {\url{news.bbc.co.uk/2/hi/science/nature/8064060.stm}}
}

@MISC{space:station:tiangong3,
author = {Tania Branigan, Ian Sample},
title = "China Unveils Rival to International",
month = "October",
year = {2013},
note = {\url{www.theguardian.com/world/2011/apr/26/china-space-station-tiangong}}
}

@MISC{space:shuttle:numbers,
author = {space.com},
title = "NASA's Space Shuttle By the Numbers",
month = "October",
year = {2013},
note = {\url{www.space.com/12376-nasa-space-shuttle-program-facts-statistics.html}}
}

@MISC{ariane5,
author = {J. L. Lions},
title = "Ariane 5 Flight 501 Failure Report",
month = "October",
year = {2013},
note = {\url{www.ima.umn.edu/~arnold/disasters/ariane5rep.html}}
}

@MISC{intel:chip:size,
author = {P. Darling},
title = "Intel to Invest More than %5 Billion to Build New Factory in Arizona",
month = "October",
year = {2013},
note = {\url{newsroom.intel.com/community/intel_newsroom/blog/2011/02/18/intel-to-invest-more-than-5-billion-to-build-new-factory-in-arizona}}
}

@MISC{avrfreaks:avrgcc,
author = {AVRFreaks},
title = "AVR GCC/AVR GCC Toll Collection",
month = "October",
year = {2013},
note = {\url{www.avrfreaks.net/wiki/index.php/Documentation:AVR_GCC/AVR_GCC_Tool_Collection}}
}

@MISC{atmel:avr,
author = {Atmel},
title = "Atmel AVR 8-bit and 32-bit Microcontrollers",
month = "October",
year = {2013},
note = {\url{www.atmel.com/products/microcontrollers/avr/default.aspx}}
}

@MISC{linkerscript,
author = {sourceware},
title = "Linker Scripts",
month = "October",
year = {2013},
note = {\url{sourceware.org/binutils/docs/ld/Scripts.html}}
}

@inproceedings{shirvani2000software,
title={Software-implemented hardware fault tolerance experiments: COTS in space},
author={Shirvani, PP and Oh, N and McCluskey, EJ and Wood, DL and Lovellette, MN and Wood, KS},
booktitle={International Conference on Dependable Systems and Networks (FTCS-30 and DCCA-8), New York (NY)},
year={2000}
}

@inproceedings{hoste2008cole,
  title={Cole: compiler optimization level exploration},
  author={Hoste, Kenneth and Eeckhout, Lieven},
  booktitle={Proceedings of the 6th annual IEEE/ACM international symposium on Code generation and optimization},
  pages={165--174},
  year={2008},
  organization={ACM}
}

@article{goldt1995linux,
  title={The Linux Programmerâ€™s Guide},
  author={Goldt, Sven and van der Meer, Sven and Burkett, Scott and Welsh, Matt},
  journal={Linux Documentation Project (ftp://sunsite. unc. edu/pub/Linux/docs/linux-doc-project/programmers-guide/llpg-0.4. tar. gz)},
  year={1995}
}

@misc{argade1996apparatus,
  title={Apparatus and method for computer processing using an enhanced Harvard architecture utilizing dual memory buses and the arbitration for data/instruction fetch},
  author={Argade, Pramod V and Betker, Michael R},
  year={1996},
  month=nov # "~19",
  publisher={Google Patents},
  note={US Patent 5,577,230}
}